%YAML 1.1
%TAG !u! tag:unity3d.com,2011:
--- !u!1 &6346569699227517221
GameObject:
  m_ObjectHideFlags: 0
  m_CorrespondingSourceObject: {fileID: 0}
  m_PrefabInstance: {fileID: 0}
  m_PrefabAsset: {fileID: 0}
  serializedVersion: 6
  m_Component:
  - component: {fileID: 6346569699227517222}
  - component: {fileID: 6346569699227517241}
  - component: {fileID: 6346569699227517240}
  - component: {fileID: 6346569699227517223}
  m_Layer: 8
  m_Name: Cube
  m_TagString: Untagged
  m_Icon: {fileID: 0}
  m_NavMeshLayer: 0
  m_StaticEditorFlags: 0
  m_IsActive: 1
--- !u!4 &6346569699227517222
Transform:
  m_ObjectHideFlags: 0
  m_CorrespondingSourceObject: {fileID: 0}
  m_PrefabInstance: {fileID: 0}
  m_PrefabAsset: {fileID: 0}
  m_GameObject: {fileID: 6346569699227517221}
  m_LocalRotation: {x: 0, y: 0, z: 0, w: 1}
  m_LocalPosition: {x: 0, y: 0, z: 0}
  m_LocalScale: {x: 0.61827, y: 1.4583135, z: 0.61827}
  m_Children: []
  m_Father: {fileID: 6346569700891507342}
  m_RootOrder: 0
  m_LocalEulerAnglesHint: {x: 0, y: 0, z: 0}
--- !u!33 &6346569699227517241
MeshFilter:
  m_ObjectHideFlags: 0
  m_CorrespondingSourceObject: {fileID: 0}
  m_PrefabInstance: {fileID: 0}
  m_PrefabAsset: {fileID: 0}
  m_GameObject: {fileID: 6346569699227517221}
  m_Mesh: {fileID: 10202, guid: 0000000000000000e000000000000000, type: 0}
--- !u!23 &6346569699227517240
MeshRenderer:
  m_ObjectHideFlags: 0
  m_CorrespondingSourceObject: {fileID: 0}
  m_PrefabInstance: {fileID: 0}
  m_PrefabAsset: {fileID: 0}
  m_GameObject: {fileID: 6346569699227517221}
  m_Enabled: 1
  m_CastShadows: 1
  m_ReceiveShadows: 1
  m_DynamicOccludee: 1
  m_MotionVectors: 1
  m_LightProbeUsage: 1
  m_ReflectionProbeUsage: 1
  m_RayTracingMode: 2
  m_RenderingLayerMask: 1
  m_RendererPriority: 0
  m_Materials:
  - {fileID: 10303, guid: 0000000000000000f000000000000000, type: 0}
  m_StaticBatchInfo:
    firstSubMesh: 0
    subMeshCount: 0
  m_StaticBatchRoot: {fileID: 0}
  m_ProbeAnchor: {fileID: 0}
  m_LightProbeVolumeOverride: {fileID: 0}
  m_ScaleInLightmap: 1
  m_ReceiveGI: 1
  m_PreserveUVs: 0
  m_IgnoreNormalsForChartDetection: 0
  m_ImportantGI: 0
  m_StitchLightmapSeams: 1
  m_SelectedEditorRenderState: 3
  m_MinimumChartSize: 4
  m_AutoUVMaxDistance: 0.5
  m_AutoUVMaxAngle: 89
  m_LightmapParameters: {fileID: 0}
  m_SortingLayerID: 0
  m_SortingLayer: 0
  m_SortingOrder: 0
--- !u!65 &6346569699227517223
BoxCollider:
  m_ObjectHideFlags: 0
  m_CorrespondingSourceObject: {fileID: 0}
  m_PrefabInstance: {fileID: 0}
  m_PrefabAsset: {fileID: 0}
  m_GameObject: {fileID: 6346569699227517221}
  m_Material: {fileID: 0}
  m_IsTrigger: 0
  m_Enabled: 0
  serializedVersion: 2
  m_Size: {x: 1, y: 1, z: 1}
  m_Center: {x: 0, y: 0, z: 0}
--- !u!1 &6346569699297990739
GameObject:
  m_ObjectHideFlags: 0
  m_CorrespondingSourceObject: {fileID: 0}
  m_PrefabInstance: {fileID: 0}
  m_PrefabAsset: {fileID: 0}
  serializedVersion: 6
  m_Component:
  - component: {fileID: 6346569699297990740}
  - component: {fileID: 6346569699297990741}
  - component: {fileID: 6346569699297990824}
  - component: {fileID: 6346569699297990743}
  - component: {fileID: 6346569699297990742}
  m_Layer: 0
  m_Name: TreeBranch
  m_TagString: Untagged
  m_Icon: {fileID: 0}
  m_NavMeshLayer: 0
  m_StaticEditorFlags: 0
  m_IsActive: 1
--- !u!4 &6346569699297990740
Transform:
  m_ObjectHideFlags: 0
  m_CorrespondingSourceObject: {fileID: 0}
  m_PrefabInstance: {fileID: 0}
  m_PrefabAsset: {fileID: 0}
  m_GameObject: {fileID: 6346569699297990739}
  m_LocalRotation: {x: 0, y: 0, z: 0, w: 1}
  m_LocalPosition: {x: 0, y: 0, z: 0}
  m_LocalScale: {x: 1, y: 1, z: 1}
  m_Children:
  - {fileID: 6346569699476072751}
  - {fileID: 6346569700505330715}
  - {fileID: 6346569699804536099}
  - {fileID: 6346569700891507342}
  m_Father: {fileID: 0}
  m_RootOrder: 0
  m_LocalEulerAnglesHint: {x: 0, y: 0, z: 0}
--- !u!114 &6346569699297990741
MonoBehaviour:
  m_ObjectHideFlags: 0
  m_CorrespondingSourceObject: {fileID: 0}
  m_PrefabInstance: {fileID: 0}
  m_PrefabAsset: {fileID: 0}
  m_GameObject: {fileID: 6346569699297990739}
  m_Enabled: 1
  m_EditorHideFlags: 0
  m_Script: {fileID: 11500000, guid: 6efc78536c02fa94e863277fb3a4fae1, type: 3}
  m_Name: 
  m_EditorClassIdentifier: 
  BranchStations: []
  HexUnit: {fileID: 4043884996629397657, guid: cd43ac303252c92479e620f52085f904, type: 3}
  HexUnitsAttr: []
  HexUnitsHolder: {fileID: 6346569700505330714}
  tempTar: 
  LastrunningHexIndexes: 6
  branchMeshCreation: {fileID: 6346569699297990824}
  BranchStationsManager: {fileID: 0}
  currentHexScale: 0.5
  subBranchpoints:
  - {fileID: 6346569699804536099}
  - {fileID: 6346569700891507342}
  subBranchTriggerpoints: 0a00000014000000
  subBranching: 0
  subBranchIndex: 0
  myClone: {fileID: 0}
  subBone: {fileID: 0}
  BoneMode: 0
  leafHolderHexIndexes: []
  leafMesh: {fileID: 0}
  leafObjects: []
  leafBranchHolderHexIndexes: []
  leafBranchMesh: {fileID: 0}
  leafBranchObjects: []
  GenerateFruits: 1
  GenerateLeafBranch: 0
  flipBranches: 0
  branchCreationSpeed: 0
--- !u!114 &6346569699297990824
MonoBehaviour:
  m_ObjectHideFlags: 0
  m_CorrespondingSourceObject: {fileID: 0}
  m_PrefabInstance: {fileID: 0}
  m_PrefabAsset: {fileID: 0}
  m_GameObject: {fileID: 6346569699297990739}
  m_Enabled: 1
  m_EditorHideFlags: 0
  m_Script: {fileID: 11500000, guid: 0583ceef6981d3c45a10ddf6aab15326, type: 3}
  m_Name: 
  m_EditorClassIdentifier: 
  BranchMesh: {fileID: 0}
  HexUnits: []
  BranchVerticesList: []
  BranchVertices: []
  BranchVerticesSpheres: []
  BranchTriangles: 
  BranchTrianglesList: 
  treeMat: {fileID: 2100000, guid: 454e47410924d5e4bbdcc4766a9ac305, type: 2}
  BranchUv: []
--- !u!33 &6346569699297990743
MeshFilter:
  m_ObjectHideFlags: 0
  m_CorrespondingSourceObject: {fileID: 0}
  m_PrefabInstance: {fileID: 0}
  m_PrefabAsset: {fileID: 0}
  m_GameObject: {fileID: 6346569699297990739}
  m_Mesh: {fileID: 0}
--- !u!23 &6346569699297990742
MeshRenderer:
  m_ObjectHideFlags: 0
  m_CorrespondingSourceObject: {fileID: 0}
  m_PrefabInstance: {fileID: 0}
  m_PrefabAsset: {fileID: 0}
  m_GameObject: {fileID: 6346569699297990739}
  m_Enabled: 1
  m_CastShadows: 1
  m_ReceiveShadows: 1
  m_DynamicOccludee: 1
  m_MotionVectors: 1
  m_LightProbeUsage: 1
  m_ReflectionProbeUsage: 1
  m_RayTracingMode: 2
  m_RenderingLayerMask: 1
  m_RendererPriority: 0
  m_Materials:
  - {fileID: 0}
  m_StaticBatchInfo:
    firstSubMesh: 0
    subMeshCount: 0
  m_StaticBatchRoot: {fileID: 0}
  m_ProbeAnchor: {fileID: 0}
  m_LightProbeVolumeOverride: {fileID: 0}
  m_ScaleInLightmap: 1
  m_ReceiveGI: 1
  m_PreserveUVs: 0
  m_IgnoreNormalsForChartDetection: 0
  m_ImportantGI: 0
  m_StitchLightmapSeams: 1
  m_SelectedEditorRenderState: 3
  m_MinimumChartSize: 4
  m_AutoUVMaxDistance: 0.5
  m_AutoUVMaxAngle: 89
  m_LightmapParameters: {fileID: 0}
  m_SortingLayerID: 0
  m_SortingLayer: 0
  m_SortingOrder: 0
--- !u!1 &6346569699476072749
GameObject:
  m_ObjectHideFlags: 0
  m_CorrespondingSourceObject: {fileID: 0}
  m_PrefabInstance: {fileID: 0}
  m_PrefabAsset: {fileID: 0}
  serializedVersion: 6
  m_Component:
  - component: {fileID: 6346569699476072751}
  - component: {fileID: 6346569699476072750}
  m_Layer: 8
  m_Name: BranchStationsManager
  m_TagString: Untagged
  m_Icon: {fileID: 0}
  m_NavMeshLayer: 0
  m_StaticEditorFlags: 0
  m_IsActive: 1
--- !u!4 &6346569699476072751
Transform:
  m_ObjectHideFlags: 0
  m_CorrespondingSourceObject: {fileID: 0}
  m_PrefabInstance: {fileID: 0}
  m_PrefabAsset: {fileID: 0}
  m_GameObject: {fileID: 6346569699476072749}
  m_LocalRotation: {x: -0, y: -0, z: -0, w: 1}
  m_LocalPosition: {x: 0, y: 0, z: 0}
  m_LocalScale: {x: 1, y: 1, z: 1}
  m_Children:
  - {fileID: 2769621482341207856}
  - {fileID: 6070977720767000260}
  - {fileID: 6070977720762551805}
  - {fileID: 6070977719363572135}
  - {fileID: 6346569700758424762}
  m_Father: {fileID: 6346569699297990740}
  m_RootOrder: 0
  m_LocalEulerAnglesHint: {x: 0, y: 0, z: 0}
--- !u!114 &6346569699476072750
MonoBehaviour:
  m_ObjectHideFlags: 0
  m_CorrespondingSourceObject: {fileID: 0}
  m_PrefabInstance: {fileID: 0}
  m_PrefabAsset: {fileID: 0}
  m_GameObject: {fileID: 6346569699476072749}
  m_Enabled: 1
  m_EditorHideFlags: 0
  m_Script: {fileID: 11500000, guid: 1017224602f48b949b230c6ceaf40891, type: 3}
  m_Name: 
  m_EditorClassIdentifier: 
  BranchStationsSource: []
  BranchStationsSize: 0
  BranchStations:
  - {fileID: 1177392098886702626}
  - {fileID: 7095757534830786518}
  - {fileID: 7095757534817916143}
  - {fileID: 7095757536237275317}
  subSteps: 10
  subStationsList: []
  subStation: {fileID: 6457913719002286901, guid: 03ee3430271d626409a3143daa79089d,
    type: 3}
  branchCreationSystem: {fileID: 6346569699297990741}
  branchStationsHolder: {fileID: 6346569700758424761}
  bonesHolder: {fileID: 0}
  bone: {fileID: 0}
  bones: []
  BranchWaveAnimCreation: {fileID: 0}
--- !u!1 &6346569699804536098
GameObject:
  m_ObjectHideFlags: 0
  m_CorrespondingSourceObject: {fileID: 0}
  m_PrefabInstance: {fileID: 0}
  m_PrefabAsset: {fileID: 0}
  serializedVersion: 6
  m_Component:
  - component: {fileID: 6346569699804536099}
  m_Layer: 0
  m_Name: subBranchPoint
  m_TagString: Untagged
  m_Icon: {fileID: 0}
  m_NavMeshLayer: 0
  m_StaticEditorFlags: 0
  m_IsActive: 1
--- !u!4 &6346569699804536099
Transform:
  m_ObjectHideFlags: 0
  m_CorrespondingSourceObject: {fileID: 0}
  m_PrefabInstance: {fileID: 0}
  m_PrefabAsset: {fileID: 0}
  m_GameObject: {fileID: 6346569699804536098}
  m_LocalRotation: {x: -0.027984435, y: 0.0052847913, z: -0.33724564, w: 0.94098586}
  m_LocalPosition: {x: 0.98, y: 2.65, z: 0}
  m_LocalScale: {x: 1, y: 1, z: 1}
  m_Children:
  - {fileID: 6346569700774998788}
  m_Father: {fileID: 6346569699297990740}
  m_RootOrder: 2
  m_LocalEulerAnglesHint: {x: -2.8140001, y: 1.654, z: -39.476}
--- !u!1 &6346569700505330714
GameObject:
  m_ObjectHideFlags: 0
  m_CorrespondingSourceObject: {fileID: 0}
  m_PrefabInstance: {fileID: 0}
  m_PrefabAsset: {fileID: 0}
  serializedVersion: 6
  m_Component:
  - component: {fileID: 6346569700505330715}
  m_Layer: 0
  m_Name: HexUnitsHolder
  m_TagString: Untagged
  m_Icon: {fileID: 0}
  m_NavMeshLayer: 0
  m_StaticEditorFlags: 0
  m_IsActive: 1
--- !u!4 &6346569700505330715
Transform:
  m_ObjectHideFlags: 0
  m_CorrespondingSourceObject: {fileID: 0}
  m_PrefabInstance: {fileID: 0}
  m_PrefabAsset: {fileID: 0}
  m_GameObject: {fileID: 6346569700505330714}
  m_LocalRotation: {x: -0, y: -0, z: -0, w: 1}
  m_LocalPosition: {x: 0, y: 0, z: 0}
  m_LocalScale: {x: 1, y: 1, z: 1}
  m_Children: []
  m_Father: {fileID: 6346569699297990740}
  m_RootOrder: 1
  m_LocalEulerAnglesHint: {x: 0, y: 0, z: 0}
--- !u!1 &6346569700758424761
GameObject:
  m_ObjectHideFlags: 0
  m_CorrespondingSourceObject: {fileID: 0}
  m_PrefabInstance: {fileID: 0}
  m_PrefabAsset: {fileID: 0}
  serializedVersion: 6
  m_Component:
  - component: {fileID: 6346569700758424762}
  m_Layer: 8
  m_Name: BranchStationsParent
  m_TagString: Untagged
  m_Icon: {fileID: 0}
  m_NavMeshLayer: 0
  m_StaticEditorFlags: 0
  m_IsActive: 1
--- !u!4 &6346569700758424762
Transform:
  m_ObjectHideFlags: 0
  m_CorrespondingSourceObject: {fileID: 0}
  m_PrefabInstance: {fileID: 0}
  m_PrefabAsset: {fileID: 0}
  m_GameObject: {fileID: 6346569700758424761}
  m_LocalRotation: {x: 0, y: 0, z: 0, w: 1}
  m_LocalPosition: {x: 0, y: 0, z: 0}
  m_LocalScale: {x: 1, y: 1, z: 1}
  m_Children: []
  m_Father: {fileID: 6346569699476072751}
  m_RootOrder: 4
  m_LocalEulerAnglesHint: {x: 0, y: 0, z: 0}
--- !u!1 &6346569700774998787
GameObject:
  m_ObjectHideFlags: 0
  m_CorrespondingSourceObject: {fileID: 0}
  m_PrefabInstance: {fileID: 0}
  m_PrefabAsset: {fileID: 0}
  serializedVersion: 6
  m_Component:
  - component: {fileID: 6346569700774998788}
  - component: {fileID: 6346569700774998791}
  - component: {fileID: 6346569700774998790}
  - component: {fileID: 6346569700774998789}
  m_Layer: 8
  m_Name: Cube
  m_TagString: Untagged
  m_Icon: {fileID: 0}
  m_NavMeshLayer: 0
  m_StaticEditorFlags: 0
  m_IsActive: 1
--- !u!4 &6346569700774998788
Transform:
  m_ObjectHideFlags: 0
  m_CorrespondingSourceObject: {fileID: 0}
  m_PrefabInstance: {fileID: 0}
  m_PrefabAsset: {fileID: 0}
  m_GameObject: {fileID: 6346569700774998787}
  m_LocalRotation: {x: 0, y: 0, z: 0, w: 1}
  m_LocalPosition: {x: 0, y: 0, z: 0}
  m_LocalScale: {x: 0.61827, y: 1.4583135, z: 0.61827}
  m_Children: []
  m_Father: {fileID: 6346569699804536099}
  m_RootOrder: 0
  m_LocalEulerAnglesHint: {x: 0, y: 0, z: 0}
--- !u!33 &6346569700774998791
MeshFilter:
  m_ObjectHideFlags: 0
  m_CorrespondingSourceObject: {fileID: 0}
  m_PrefabInstance: {fileID: 0}
  m_PrefabAsset: {fileID: 0}
  m_GameObject: {fileID: 6346569700774998787}
  m_Mesh: {fileID: 10202, guid: 0000000000000000e000000000000000, type: 0}
--- !u!23 &6346569700774998790
MeshRenderer:
  m_ObjectHideFlags: 0
  m_CorrespondingSourceObject: {fileID: 0}
  m_PrefabInstance: {fileID: 0}
  m_PrefabAsset: {fileID: 0}
  m_GameObject: {fileID: 6346569700774998787}
  m_Enabled: 1
  m_CastShadows: 1
  m_ReceiveShadows: 1
  m_DynamicOccludee: 1
  m_MotionVectors: 1
  m_LightProbeUsage: 1
  m_ReflectionProbeUsage: 1
  m_RayTracingMode: 2
  m_RenderingLayerMask: 1
  m_RendererPriority: 0
  m_Materials:
  - {fileID: 10303, guid: 0000000000000000f000000000000000, type: 0}
  m_StaticBatchInfo:
    firstSubMesh: 0
    subMeshCount: 0
  m_StaticBatchRoot: {fileID: 0}
  m_ProbeAnchor: {fileID: 0}
  m_LightProbeVolumeOverride: {fileID: 0}
  m_ScaleInLightmap: 1
  m_ReceiveGI: 1
  m_PreserveUVs: 0
  m_IgnoreNormalsForChartDetection: 0
  m_ImportantGI: 0
  m_StitchLightmapSeams: 1
  m_SelectedEditorRenderState: 3
  m_MinimumChartSize: 4
  m_AutoUVMaxDistance: 0.5
  m_AutoUVMaxAngle: 89
  m_LightmapParameters: {fileID: 0}
  m_SortingLayerID: 0
  m_SortingLayer: 0
  m_SortingOrder: 0
--- !u!65 &6346569700774998789
BoxCollider:
  m_ObjectHideFlags: 0
  m_CorrespondingSourceObject: {fileID: 0}
  m_PrefabInstance: {fileID: 0}
  m_PrefabAsset: {fileID: 0}
  m_GameObject: {fileID: 6346569700774998787}
  m_Material: {fileID: 0}
  m_IsTrigger: 0
  m_Enabled: 0
  serializedVersion: 2
  m_Size: {x: 1, y: 1, z: 1}
  m_Center: {x: 0, y: 0, z: 0}
--- !u!1 &6346569700891507341
GameObject:
  m_ObjectHideFlags: 0
  m_CorrespondingSourceObject: {fileID: 0}
  m_PrefabInstance: {fileID: 0}
  m_PrefabAsset: {fileID: 0}
  serializedVersion: 6
  m_Component:
  - component: {fileID: 6346569700891507342}
  m_Layer: 0
  m_Name: subBranchPoint (1)
  m_TagString: Untagged
  m_Icon: {fileID: 0}
  m_NavMeshLayer: 0
  m_StaticEditorFlags: 0
  m_IsActive: 1
--- !u!4 &6346569700891507342
Transform:
  m_ObjectHideFlags: 0
  m_CorrespondingSourceObject: {fileID: 0}
  m_PrefabInstance: {fileID: 0}
  m_PrefabAsset: {fileID: 0}
  m_GameObject: {fileID: 6346569700891507341}
  m_LocalRotation: {x: -0.01787232, y: 0.022172911, z: 0.3536249, w: 0.9349537}
  m_LocalPosition: {x: -0.94, y: 5.4, z: -0.08}
  m_LocalScale: {x: 1, y: 1, z: 1}
  m_Children:
  - {fileID: 6346569699227517222}
  m_Father: {fileID: 6346569699297990740}
  m_RootOrder: 3
  m_LocalEulerAnglesHint: {x: -2.8140001, y: 1.654, z: 41.395}
--- !u!1001 &3043401482253154725
PrefabInstance:
  m_ObjectHideFlags: 0
  serializedVersion: 2
  m_Modification:
    m_TransformParent: {fileID: 6346569699476072751}
    m_Modifications:
    - target: {fileID: 888327975201408839, guid: 756a9d6b342ab064296cf2c222529322,
        type: 3}
      propertyPath: m_Layer
      value: 8
      objectReference: {fileID: 0}
    - target: {fileID: 888327975968552596, guid: 756a9d6b342ab064296cf2c222529322,
        type: 3}
      propertyPath: m_Name
      value: branchStationSmooth
      objectReference: {fileID: 0}
    - target: {fileID: 888327975968552596, guid: 756a9d6b342ab064296cf2c222529322,
        type: 3}
      propertyPath: m_Layer
      value: 8
      objectReference: {fileID: 0}
    - target: {fileID: 888327975968552597, guid: 756a9d6b342ab064296cf2c222529322,
        type: 3}
      propertyPath: m_LocalPosition.x
      value: 0
      objectReference: {fileID: 0}
    - target: {fileID: 888327975968552597, guid: 756a9d6b342ab064296cf2c222529322,
        type: 3}
      propertyPath: m_LocalPosition.y
      value: 0
      objectReference: {fileID: 0}
    - target: {fileID: 888327975968552597, guid: 756a9d6b342ab064296cf2c222529322,
        type: 3}
      propertyPath: m_LocalPosition.z
      value: 0
      objectReference: {fileID: 0}
    - target: {fileID: 888327975968552597, guid: 756a9d6b342ab064296cf2c222529322,
        type: 3}
      propertyPath: m_LocalRotation.x
      value: -0
      objectReference: {fileID: 0}
    - target: {fileID: 888327975968552597, guid: 756a9d6b342ab064296cf2c222529322,
        type: 3}
      propertyPath: m_LocalRotation.y
      value: -0
      objectReference: {fileID: 0}
    - target: {fileID: 888327975968552597, guid: 756a9d6b342ab064296cf2c222529322,
        type: 3}
      propertyPath: m_LocalRotation.z
      value: -0
      objectReference: {fileID: 0}
    - target: {fileID: 888327975968552597, guid: 756a9d6b342ab064296cf2c222529322,
        type: 3}
      propertyPath: m_LocalRotation.w
      value: 1
      objectReference: {fileID: 0}
    - target: {fileID: 888327975968552597, guid: 756a9d6b342ab064296cf2c222529322,
        type: 3}
      propertyPath: m_RootOrder
      value: 0
      objectReference: {fileID: 0}
    - target: {fileID: 888327975968552597, guid: 756a9d6b342ab064296cf2c222529322,
        type: 3}
      propertyPath: m_LocalEulerAnglesHint.x
      value: 0
      objectReference: {fileID: 0}
    - target: {fileID: 888327975968552597, guid: 756a9d6b342ab064296cf2c222529322,
        type: 3}
      propertyPath: m_LocalEulerAnglesHint.y
      value: 0
      objectReference: {fileID: 0}
    - target: {fileID: 888327975968552597, guid: 756a9d6b342ab064296cf2c222529322,
        type: 3}
      propertyPath: m_LocalEulerAnglesHint.z
      value: 0
      objectReference: {fileID: 0}
    - target: {fileID: 1499028732043454417, guid: 756a9d6b342ab064296cf2c222529322,
        type: 3}
      propertyPath: m_Layer
      value: 8
      objectReference: {fileID: 0}
    - target: {fileID: 7543720648618604979, guid: 756a9d6b342ab064296cf2c222529322,
        type: 3}
      propertyPath: m_Layer
      value: 8
      objectReference: {fileID: 0}
    - target: {fileID: 8964423230250177876, guid: 756a9d6b342ab064296cf2c222529322,
        type: 3}
      propertyPath: m_Layer
      value: 8
      objectReference: {fileID: 0}
    m_RemovedComponents: []
  m_SourcePrefab: {fileID: 100100000, guid: 756a9d6b342ab064296cf2c222529322, type: 3}
--- !u!4 &2769621482341207856 stripped
Transform:
  m_CorrespondingSourceObject: {fileID: 888327975968552597, guid: 756a9d6b342ab064296cf2c222529322,
    type: 3}
  m_PrefabInstance: {fileID: 3043401482253154725}
  m_PrefabAsset: {fileID: 0}
--- !u!114 &1177392098886702626 stripped
MonoBehaviour:
  m_CorrespondingSourceObject: {fileID: 4209381749884907399, guid: 756a9d6b342ab064296cf2c222529322,
    type: 3}
  m_PrefabInstance: {fileID: 3043401482253154725}
  m_PrefabAsset: {fileID: 0}
  m_GameObject: {fileID: 0}
  m_Enabled: 1
  m_EditorHideFlags: 0
  m_Script: {fileID: 11500000, guid: 701e2289831ab1f4d845b9fa31df83c9, type: 3}
  m_Name: 
  m_EditorClassIdentifier: 
--- !u!1001 &6346569699987626065
PrefabInstance:
  m_ObjectHideFlags: 0
  serializedVersion: 2
  m_Modification:
    m_TransformParent: {fileID: 6346569699476072751}
    m_Modifications:
    - target: {fileID: 888327975201408839, guid: 756a9d6b342ab064296cf2c222529322,
        type: 3}
      propertyPath: m_Layer
      value: 8
      objectReference: {fileID: 0}
    - target: {fileID: 888327975968552596, guid: 756a9d6b342ab064296cf2c222529322,
        type: 3}
      propertyPath: m_Name
      value: branchStationSmooth (1)
      objectReference: {fileID: 0}
    - target: {fileID: 888327975968552596, guid: 756a9d6b342ab064296cf2c222529322,
        type: 3}
      propertyPath: m_Layer
      value: 8
      objectReference: {fileID: 0}
    - target: {fileID: 888327975968552597, guid: 756a9d6b342ab064296cf2c222529322,
        type: 3}
      propertyPath: m_LocalPosition.x
      value: 0.94
      objectReference: {fileID: 0}
    - target: {fileID: 888327975968552597, guid: 756a9d6b342ab064296cf2c222529322,
        type: 3}
      propertyPath: m_LocalPosition.y
      value: 2.61
      objectReference: {fileID: 0}
    - target: {fileID: 888327975968552597, guid: 756a9d6b342ab064296cf2c222529322,
        type: 3}
      propertyPath: m_LocalPosition.z
      value: 0
      objectReference: {fileID: 0}
    - target: {fileID: 888327975968552597, guid: 756a9d6b342ab064296cf2c222529322,
        type: 3}
      propertyPath: m_LocalRotation.x
      value: -0
      objectReference: {fileID: 0}
    - target: {fileID: 888327975968552597, guid: 756a9d6b342ab064296cf2c222529322,
        type: 3}
      propertyPath: m_LocalRotation.y
      value: -0
      objectReference: {fileID: 0}
    - target: {fileID: 888327975968552597, guid: 756a9d6b342ab064296cf2c222529322,
        type: 3}
      propertyPath: m_LocalRotation.z
      value: -0
      objectReference: {fileID: 0}
    - target: {fileID: 888327975968552597, guid: 756a9d6b342ab064296cf2c222529322,
        type: 3}
      propertyPath: m_LocalRotation.w
      value: 1
      objectReference: {fileID: 0}
    - target: {fileID: 888327975968552597, guid: 756a9d6b342ab064296cf2c222529322,
        type: 3}
      propertyPath: m_RootOrder
      value: 1
      objectReference: {fileID: 0}
    - target: {fileID: 888327975968552597, guid: 756a9d6b342ab064296cf2c222529322,
        type: 3}
      propertyPath: m_LocalEulerAnglesHint.x
      value: 0
      objectReference: {fileID: 0}
    - target: {fileID: 888327975968552597, guid: 756a9d6b342ab064296cf2c222529322,
        type: 3}
      propertyPath: m_LocalEulerAnglesHint.y
      value: 0
      objectReference: {fileID: 0}
    - target: {fileID: 888327975968552597, guid: 756a9d6b342ab064296cf2c222529322,
        type: 3}
      propertyPath: m_LocalEulerAnglesHint.z
      value: 0
      objectReference: {fileID: 0}
    - target: {fileID: 1499028732043454417, guid: 756a9d6b342ab064296cf2c222529322,
        type: 3}
      propertyPath: m_Layer
      value: 8
      objectReference: {fileID: 0}
    - target: {fileID: 7543720648618604979, guid: 756a9d6b342ab064296cf2c222529322,
        type: 3}
      propertyPath: m_Layer
      value: 8
      objectReference: {fileID: 0}
    - target: {fileID: 8964423230250177876, guid: 756a9d6b342ab064296cf2c222529322,
        type: 3}
      propertyPath: m_Layer
      value: 8
      objectReference: {fileID: 0}
    m_RemovedComponents: []
  m_SourcePrefab: {fileID: 100100000, guid: 756a9d6b342ab064296cf2c222529322, type: 3}
--- !u!4 &6070977720767000260 stripped
Transform:
  m_CorrespondingSourceObject: {fileID: 888327975968552597, guid: 756a9d6b342ab064296cf2c222529322,
    type: 3}
  m_PrefabInstance: {fileID: 6346569699987626065}
  m_PrefabAsset: {fileID: 0}
--- !u!114 &7095757534830786518 stripped
MonoBehaviour:
  m_CorrespondingSourceObject: {fileID: 4209381749884907399, guid: 756a9d6b342ab064296cf2c222529322,
    type: 3}
  m_PrefabInstance: {fileID: 6346569699987626065}
  m_PrefabAsset: {fileID: 0}
  m_GameObject: {fileID: 0}
  m_Enabled: 1
  m_EditorHideFlags: 0
  m_Script: {fileID: 11500000, guid: 701e2289831ab1f4d845b9fa31df83c9, type: 3}
  m_Name: 
  m_EditorClassIdentifier: 
--- !u!1001 &6346569700003642216
PrefabInstance:
  m_ObjectHideFlags: 0
  serializedVersion: 2
  m_Modification:
    m_TransformParent: {fileID: 6346569699476072751}
    m_Modifications:
    - target: {fileID: 888327975201408839, guid: 756a9d6b342ab064296cf2c222529322,
        type: 3}
      propertyPath: m_Layer
      value: 8
      objectReference: {fileID: 0}
    - target: {fileID: 888327975968552596, guid: 756a9d6b342ab064296cf2c222529322,
        type: 3}
      propertyPath: m_Name
      value: branchStationSmooth (2)
      objectReference: {fileID: 0}
    - target: {fileID: 888327975968552596, guid: 756a9d6b342ab064296cf2c222529322,
        type: 3}
      propertyPath: m_Layer
      value: 8
      objectReference: {fileID: 0}
    - target: {fileID: 888327975968552597, guid: 756a9d6b342ab064296cf2c222529322,
        type: 3}
      propertyPath: m_LocalPosition.x
      value: -0.77000004
      objectReference: {fileID: 0}
    - target: {fileID: 888327975968552597, guid: 756a9d6b342ab064296cf2c222529322,
        type: 3}
      propertyPath: m_LocalPosition.y
      value: 5.4
      objectReference: {fileID: 0}
    - target: {fileID: 888327975968552597, guid: 756a9d6b342ab064296cf2c222529322,
        type: 3}
      propertyPath: m_LocalPosition.z
      value: 0
      objectReference: {fileID: 0}
    - target: {fileID: 888327975968552597, guid: 756a9d6b342ab064296cf2c222529322,
        type: 3}
      propertyPath: m_LocalRotation.x
      value: -0
      objectReference: {fileID: 0}
    - target: {fileID: 888327975968552597, guid: 756a9d6b342ab064296cf2c222529322,
        type: 3}
      propertyPath: m_LocalRotation.y
      value: -0
      objectReference: {fileID: 0}
    - target: {fileID: 888327975968552597, guid: 756a9d6b342ab064296cf2c222529322,
        type: 3}
      propertyPath: m_LocalRotation.z
      value: -0
      objectReference: {fileID: 0}
    - target: {fileID: 888327975968552597, guid: 756a9d6b342ab064296cf2c222529322,
        type: 3}
      propertyPath: m_LocalRotation.w
      value: 1
      objectReference: {fileID: 0}
    - target: {fileID: 888327975968552597, guid: 756a9d6b342ab064296cf2c222529322,
        type: 3}
      propertyPath: m_RootOrder
      value: 2
      objectReference: {fileID: 0}
    - target: {fileID: 888327975968552597, guid: 756a9d6b342ab064296cf2c222529322,
        type: 3}
      propertyPath: m_LocalEulerAnglesHint.x
      value: 0
      objectReference: {fileID: 0}
    - target: {fileID: 888327975968552597, guid: 756a9d6b342ab064296cf2c222529322,
        type: 3}
      propertyPath: m_LocalEulerAnglesHint.y
      value: 0
      objectReference: {fileID: 0}
    - target: {fileID: 888327975968552597, guid: 756a9d6b342ab064296cf2c222529322,
        type: 3}
      propertyPath: m_LocalEulerAnglesHint.z
      value: 0
      objectReference: {fileID: 0}
    - target: {fileID: 1499028732043454417, guid: 756a9d6b342ab064296cf2c222529322,
        type: 3}
      propertyPath: m_Layer
      value: 8
      objectReference: {fileID: 0}
    - target: {fileID: 7543720648618604979, guid: 756a9d6b342ab064296cf2c222529322,
        type: 3}
      propertyPath: m_Layer
      value: 8
      objectReference: {fileID: 0}
    - target: {fileID: 8964423230250177876, guid: 756a9d6b342ab064296cf2c222529322,
        type: 3}
      propertyPath: m_Layer
      value: 8
      objectReference: {fileID: 0}
    m_RemovedComponents: []
  m_SourcePrefab: {fileID: 100100000, guid: 756a9d6b342ab064296cf2c222529322, type: 3}
--- !u!114 &7095757534817916143 stripped
MonoBehaviour:
  m_CorrespondingSourceObject: {fileID: 4209381749884907399, guid: 756a9d6b342ab064296cf2c222529322,
    type: 3}
  m_PrefabInstance: {fileID: 6346569700003642216}
  m_PrefabAsset: {fileID: 0}
  m_GameObject: {fileID: 0}
  m_Enabled: 1
  m_EditorHideFlags: 0
  m_Script: {fileID: 11500000, guid: 701e2289831ab1f4d845b9fa31df83c9, type: 3}
  m_Name: 
  m_EditorClassIdentifier: 
--- !u!4 &6070977720762551805 stripped
Transform:
  m_CorrespondingSourceObject: {fileID: 888327975968552597, guid: 756a9d6b342ab064296cf2c222529322,
    type: 3}
  m_PrefabInstance: {fileID: 6346569700003642216}
  m_PrefabAsset: {fileID: 0}
--- !u!1001 &6346569700731758386
PrefabInstance:
  m_ObjectHideFlags: 0
  serializedVersion: 2
  m_Modification:
    m_TransformParent: {fileID: 6346569699476072751}
    m_Modifications:
    - target: {fileID: 888327975201408839, guid: 756a9d6b342ab064296cf2c222529322,
        type: 3}
      propertyPath: m_Layer
      value: 8
      objectReference: {fileID: 0}
    - target: {fileID: 888327975968552596, guid: 756a9d6b342ab064296cf2c222529322,
        type: 3}
      propertyPath: m_Name
      value: branchStationSmooth (3)
      objectReference: {fileID: 0}
    - target: {fileID: 888327975968552596, guid: 756a9d6b342ab064296cf2c222529322,
        type: 3}
      propertyPath: m_Layer
      value: 8
      objectReference: {fileID: 0}
    - target: {fileID: 888327975968552597, guid: 756a9d6b342ab064296cf2c222529322,
        type: 3}
      propertyPath: m_LocalPosition.x
      value: 0.97999996
      objectReference: {fileID: 0}
    - target: {fileID: 888327975968552597, guid: 756a9d6b342ab064296cf2c222529322,
        type: 3}
      propertyPath: m_LocalPosition.y
      value: 8.77
      objectReference: {fileID: 0}
    - target: {fileID: 888327975968552597, guid: 756a9d6b342ab064296cf2c222529322,
        type: 3}
      propertyPath: m_LocalPosition.z
      value: 0
      objectReference: {fileID: 0}
    - target: {fileID: 888327975968552597, guid: 756a9d6b342ab064296cf2c222529322,
        type: 3}
      propertyPath: m_LocalRotation.x
      value: -0
      objectReference: {fileID: 0}
    - target: {fileID: 888327975968552597, guid: 756a9d6b342ab064296cf2c222529322,
        type: 3}
      propertyPath: m_LocalRotation.y
      value: -0
      objectReference: {fileID: 0}
    - target: {fileID: 888327975968552597, guid: 756a9d6b342ab064296cf2c222529322,
        type: 3}
      propertyPath: m_LocalRotation.z
      value: -0
      objectReference: {fileID: 0}
    - target: {fileID: 888327975968552597, guid: 756a9d6b342ab064296cf2c222529322,
        type: 3}
      propertyPath: m_LocalRotation.w
      value: 1
      objectReference: {fileID: 0}
    - target: {fileID: 888327975968552597, guid: 756a9d6b342ab064296cf2c222529322,
        type: 3}
      propertyPath: m_RootOrder
      value: 3
      objectReference: {fileID: 0}
    - target: {fileID: 888327975968552597, guid: 756a9d6b342ab064296cf2c222529322,
        type: 3}
      propertyPath: m_LocalEulerAnglesHint.x
      value: 0
      objectReference: {fileID: 0}
    - target: {fileID: 888327975968552597, guid: 756a9d6b342ab064296cf2c222529322,
        type: 3}
      propertyPath: m_LocalEulerAnglesHint.y
      value: 0
      objectReference: {fileID: 0}
    - target: {fileID: 888327975968552597, guid: 756a9d6b342ab064296cf2c222529322,
        type: 3}
      propertyPath: m_LocalEulerAnglesHint.z
      value: 0
      objectReference: {fileID: 0}
    - target: {fileID: 1499028732043454417, guid: 756a9d6b342ab064296cf2c222529322,
        type: 3}
      propertyPath: m_Layer
      value: 8
      objectReference: {fileID: 0}
    - target: {fileID: 7543720648618604979, guid: 756a9d6b342ab064296cf2c222529322,
        type: 3}
      propertyPath: m_Layer
      value: 8
      objectReference: {fileID: 0}
    - target: {fileID: 8964423230250177876, guid: 756a9d6b342ab064296cf2c222529322,
        type: 3}
      propertyPath: m_Layer
      value: 8
      objectReference: {fileID: 0}
    m_RemovedComponents: []
  m_SourcePrefab: {fileID: 100100000, guid: 756a9d6b342ab064296cf2c222529322, type: 3}
--- !u!114 &7095757536237275317 stripped
MonoBehaviour:
  m_CorrespondingSourceObject: {fileID: 4209381749884907399, guid: 756a9d6b342ab064296cf2c222529322,
    type: 3}
  m_PrefabInstance: {fileID: 6346569700731758386}
  m_PrefabAsset: {fileID: 0}
  m_GameObject: {fileID: 0}
  m_Enabled: 1
  m_EditorHideFlags: 0
  m_Script: {fileID: 11500000, guid: 701e2289831ab1f4d845b9fa31df83c9, type: 3}
  m_Name: 
  m_EditorClassIdentifier: 
--- !u!4 &6070977719363572135 stripped
Transform:
  m_CorrespondingSourceObject: {fileID: 888327975968552597, guid: 756a9d6b342ab064296cf2c222529322,
    type: 3}
  m_PrefabInstance: {fileID: 6346569700731758386}
  m_PrefabAsset: {fileID: 0}
